<?xml version="1.0" encoding="UTF-8"?>
<record xmlns="http://www.loc.gov/MARC21/slim">
   <leader>01587cas a2200409 a 4500</leader>
   <controlfield tag="001">3429407</controlfield>
   <controlfield tag="005">19920730152652.0</controlfield>
   <controlfield tag="008">051123c200u9999abcuu        s0   a0eng d</controlfield>
   <datafield tag="035" ind1=" " ind2=" ">
      <subfield code="a">ocn464092963</subfield>
   </datafield>
   <datafield tag="040" ind1=" " ind2=" ">
      <subfield code="a">AEU</subfield>
      <subfield code="b">eng</subfield>
   </datafield>
   <datafield tag="043" ind1=" " ind2=" ">
      <subfield code="a">n-cn-ab</subfield>
   </datafield>
   <datafield tag="055" ind1=" " ind2="3">
      <subfield code="a">LB 3054</subfield>
      <subfield code="b">C22 A3 gr.12 S63 S642</subfield>
   </datafield>
   <datafield tag="090" ind1=" " ind2=" ">
      <subfield code="a">LB 3054 C22 A3 gr.12 S63 S642</subfield>
      <subfield code="b">AEU</subfield>
   </datafield>
   <datafield tag="240" ind1="0" ind2="0">
      <subfield code="a">Grade 12 diploma examination.</subfield>
      <subfield code="p">Social studies 33.</subfield>
      <subfield code="n">Part A,</subfield>
      <subfield code="p">Written response</subfield>
   </datafield>
   <datafield tag="245" ind1="0" ind2="0">
      <subfield code="a">Grade 12 diploma examination. Social studies 33. Part A, Written response 2004</subfield>
      <subfield code="p">Social studies 33.</subfield>
      <subfield code="n">Part A,</subfield>
      <subfield code="p">Written response</subfield>
   </datafield>
   <datafield tag="246" ind1="3" ind2="0">
      <subfield code="a">Social studies 33.</subfield>
      <subfield code="n">Part A,</subfield>
      <subfield code="p">Written response.</subfield>
   </datafield>
   <datafield tag="260" ind1=" " ind2=" ">
      <subfield code="a">[Edmonton] :</subfield>
      <subfield code="b">Alberta Learning</subfield>
   </datafield>
   <datafield tag="300" ind1=" " ind2=" ">
      <subfield code="a">v. ;</subfield>
      <subfield code="c">28 cm.</subfield>
   </datafield>
   <datafield tag="336" ind1=" " ind2=" ">
      <subfield code="a">text</subfield>
      <subfield code="b">txt</subfield>
      <subfield code="2">rdacontent</subfield>
   </datafield>
   <datafield tag="337" ind1=" " ind2=" ">
      <subfield code="a">unmediated</subfield>
      <subfield code="b">n</subfield>
      <subfield code="2">rdamedia</subfield>
   </datafield>
   <datafield tag="338" ind1=" " ind2=" ">
      <subfield code="a">volume</subfield>
      <subfield code="b">nc</subfield>
      <subfield code="2">rdacarrier</subfield>
   </datafield>
   <datafield tag="500" ind1=" " ind2=" ">
      <subfield code="a">Description based on: Jan. 2004.</subfield>
   </datafield>
   <datafield tag="500" ind1=" " ind2=" ">
      <subfield code="a">Title from cover.</subfield>
   </datafield>
   <datafield tag="530" ind1=" " ind2=" ">
      <subfield code="a">Some issues available on CD ROM.</subfield>
   </datafield>
   <datafield tag="550" ind1=" " ind2=" ">
      <subfield code="a">Issued by: Learner Assessment Branch.</subfield>
   </datafield>
   <datafield tag="596" ind1=" " ind2=" ">
      <subfield code="a">41</subfield>
   </datafield>
   <datafield tag="650" ind1=" " ind2="0">
      <subfield code="a">Social sciences</subfield>
      <subfield code="z">Alberta</subfield>
      <subfield code="x">Examinations</subfield>
      <subfield code="v">Periodicals.</subfield>
   </datafield>
   <datafield tag="650" ind1=" " ind2="0">
      <subfield code="a">Twelfth grade (Education)</subfield>
      <subfield code="z">Alberta</subfield>
      <subfield code="x">Examinations</subfield>
      <subfield code="v">Periodicals.</subfield>
   </datafield>
   <datafield tag="650" ind1=" " ind2="0">
      <subfield code="a">Examinations</subfield>
      <subfield code="z">Alberta</subfield>
      <subfield code="v">Periodicals.</subfield>
   </datafield>
   <datafield tag="710" ind1="1" ind2=" ">
      <subfield code="a">Alberta.</subfield>
      <subfield code="b">Alberta Learning.</subfield>
   </datafield>
   <datafield tag="710" ind1="1" ind2=" ">
      <subfield code="a">Alberta.</subfield>
      <subfield code="b">Learner Assessment Branch.</subfield>
   </datafield>
   <datafield tag="940" ind1=" " ind2=" ">
      <subfield code="a">NO EJOURNAL HOLDINGS</subfield>
   </datafield>
   <datafield tag="926" ind1=" " ind2=" ">
      <subfield code="a">UAEDUC</subfield>
      <subfield code="b">CURR_HIST</subfield>
      <subfield code="c">LB 3054 C22 A3 gr.12 S63 S642 2004:Jan.</subfield>
      <subfield code="d">NO_LOAN</subfield>
      <subfield code="f">1</subfield>
   </datafield>
   <datafield tag="926" ind1=" " ind2=" ">
      <subfield code="a">UAEDUC</subfield>
      <subfield code="b">LIBUSE</subfield>
      <subfield code="c">LB 3054 C22 A3 gr.12 S63 S642 2004:Jan.</subfield>
      <subfield code="d">NO_LOAN</subfield>
      <subfield code="e">NEVER</subfield>
      <subfield code="f">2</subfield>
   </datafield>
   <datafield tag="926" ind1=" " ind2=" ">
      <subfield code="a">UAEDUC</subfield>
      <subfield code="b">CURR_HIST</subfield>
      <subfield code="c">LB 3054 C22 A3 gr.12 S63 S642 2005:Jan.</subfield>
      <subfield code="d">NO_LOAN</subfield>
      <subfield code="f">1</subfield>
   </datafield>
   <datafield tag="927" ind1=" " ind2=" ">
      <subfield code="a">UAEDUC</subfield>
   </datafield>
   <datafield tag="927" ind1=" " ind2=" ">
      <subfield code="b">Location</subfield>
      <subfield code="c">CURR_HIST-- LB 3054 C22 A3 gr.12 S63 S642</subfield>
   </datafield>
   <datafield tag="927" ind1=" " ind2=" ">
      <subfield code="b">Library has</subfield>
      <subfield code="c">2004-2005</subfield>
   </datafield>
</record>
